<?xml version="1.0" encoding="UTF-8"?><record xmlns="http://www.loc.gov/MARC21/slim" xmlns:cinclude="http://apache.org/cocoon/include/1.0" xmlns:zs="http://www.loc.gov/zing/srw/">
  <leader>00420cz  a2200133n  4500</leader>
  <controlfield tag="001">n  88112770 </controlfield>
  <controlfield tag="003">DLC</controlfield>
  <controlfield tag="005">19890428055349.9</controlfield>
  <controlfield tag="008">890321n| acannaab|          |n aaa ||| c</controlfield>
  <datafield tag="010" ind1=" " ind2=" ">
    <subfield code="a">n  88112770 </subfield>
  </datafield>
  <datafield tag="040" ind1=" " ind2=" ">
    <subfield code="a">MCM</subfield>
    <subfield code="c">DLC</subfield>
  </datafield>
  <datafield tag="100" ind1="1" ind2="0">
    <subfield code="a">Scheetz, L. Patrick</subfield>
  </datafield>
  <datafield tag="670" ind1=" " ind2=" ">
    <subfield code="a">Recruiting trends (East Lansing, Mich.). Recruiting trends, 1988-89:</subfield>
    <subfield code="b">t.p. (L. Patrick Scheetz)</subfield>
  </datafield>
  <datafield tag="670" ind1=" " ind2=" ">
    <subfield code="a">L.C. data base, 3-14-89</subfield>
    <subfield code="b">(hdg.: Scheetz, L. Patrick)</subfield>
  </datafield>
</record>